@inproceedings{phraselevelsentimentanalysis,
 author = {Wilson, Theresa and Wiebe, Janyce and Hoffmann, Paul},
 title = {Recognizing Contextual Polarity in Phrase-level Sentiment Analysis},
 booktitle = {Proceedings of the Conference on Human Language Technology and Empirical Methods in Natural Language Processing},
 series = {HLT '05},
 year = {2005},
 location = {Vancouver, British Columbia, Canada},
 pages = {347--354},
 numpages = {8},
 url = {http://dx.doi.org/10.3115/1220575.1220619},
 doi = {10.3115/1220575.1220619},
 acmid = {1220619},
 publisher = {Association for Computational Linguistics},
 address = {Stroudsburg, PA, USA},
}

@inproceedings{combiningstrengthsemotionspolarities,
 author = {Bravo-Marquez, Felipe and Mendoza, Marcelo and Poblete, Barbara},
 title = {Combining Strengths, Emotions and Polarities for Boosting Twitter Sentiment Analysis},
 booktitle = {Proceedings of the Second International Workshop on Issues of Sentiment Discovery and Opinion Mining},
 series = {WISDOM '13},
 year = {2013},
 isbn = {978-1-4503-2332-1},
 location = {Chicago, Illinois},
 pages = {2:1--2:9},
 articleno = {2},
 numpages = {9},
 url = {http://doi.acm.org/10.1145/2502069.2502071},
 doi = {10.1145/2502069.2502071},
 acmid = {2502071},
 publisher = {ACM},
 address = {New York, NY, USA},
 keywords = {Twitter, meta-level features, sentiment classification},
}