@misc {twitterstat,
title={{Twitter Statistics}},
howpublished={\url{http://www.statisticbrain.com/twitter-statistics/}},
note={ACCESSED: 12/11/13}
}

@misc {sferik,
title={{Ruby Twitter wrapper}},
howpublished={\url{https://github.com/sferik/twitter/}},
note={ACCESSED: 13/11/13}
}


@ARTICLE{bidirectionaltrawling, 
author={Gjoka, M. and Kurant, M. and Butts, C.T. and Markopoulou, A.}, 
journal={Selected Areas in Communications, IEEE Journal on}, 
title={Practical Recommendations on Crawling Online Social Networks}, 
year={2011}, 
volume={29}, 
number={9}, 
pages={1872-1892}, 
keywords={random processes;sampling methods;social networking (online);tree searching;Facebook;MHRW;Metropolis-Hasting random walk;RWRW;breadth-first-search;crawling;data collection process;online formal convergence diagnostics;online social network;re-weighted random walk;social graph;unadjusted random walk;Context;Convergence;Facebook;Markov processes;Peer to peer computing;Privacy;Convergence;Facebook;Graph sampling;Measurements;Random Walks;Sampling methods;Social network services}, 
doi={10.1109/JSAC.2011.111011}, 
ISSN={0733-8716},}

@article{MHRWunidirectional,
 author = {Wang, Tianyi and Chen, Yang and Zhang, Zengbin and Sun, Peng and Deng, Beixing and Li, Xing},
 title = {Unbiased sampling in directed social graph},
 journal = {SIGCOMM Comput. Commun. Rev.},
 issue_date = {October 2010},
 volume = {40},
 number = {4},
 month = aug,
 year = {2010},
 issn = {0146-4833},
 pages = {401--402},
 numpages = {2},
 url = {http://doi.acm.org/10.1145/1851275.1851231},
 doi = {10.1145/1851275.1851231},
 acmid = {1851231},
 publisher = {ACM},
 address = {New York, NY, USA},
 keywords = {graph sampling, online social network, unbias},
} 

@techreport{hashtagwearefollowers, 
author={Hart, C.}, 
title={Practical Recommendations on Crawling Online Social Networks}, 
institution={Ursinus College},
year={2013}
}

@article{twitterservers,
 author = {Miller, R.},
 title = {Twitter Adding More Data Center Space Again},
 journal = {Data Center Knowledge},
 year = {2011}
} 

@InProceedings{BravoMarquezF2013Combining,
  author =       {Felipe Bravo-Marquez and Marcelo Mendoza and Barbara Poblete}, 
  title =        {Combining strengths, emotions and polarities for boosting Twitter sentiment analysis},
  year =         {2013},
  publisher =    {Association for Computing Machinery}
}